<?xml version="1.0" encoding="UTF-8"?>
<record>
  <leader>01605nam a2200397 c 4500</leader>
  <controlfield tag="003">DE-605</controlfield>
  <controlfield tag="005">20250516211814.0</controlfield>
  <controlfield tag="007">cr#|||||||||||</controlfield>
  <controlfield tag="008">250516s2025    gw |||| o     ||| | ger c</controlfield>
  <controlfield tag="001">99375610404906441</controlfield>
  <datafield tag="020" ind1=" " ind2=" ">
    <subfield code="a">9783986287078</subfield>
    <subfield code="9">978-3-98628-707-8</subfield>
  </datafield>
  <datafield tag="024" ind1="7" ind2=" ">
    <subfield code="a">urn:nbn:de:hbz:5:2-1456565</subfield>
    <subfield code="2">urn</subfield>
  </datafield>
  <datafield tag="035" ind1=" " ind2=" ">
    <subfield code="a">(DE-605)HT031051964</subfield>
  </datafield>
  <datafield tag="040" ind1=" " ind2=" ">
    <subfield code="a">DE-5</subfield>
    <subfield code="b">ger</subfield>
    <subfield code="c">DE-5</subfield>
    <subfield code="d">DE-5</subfield>
    <subfield code="e">rda</subfield>
  </datafield>
  <datafield tag="041" ind1=" " ind2=" ">
    <subfield code="a">ger</subfield>
    <subfield code="h">eng</subfield>
  </datafield>
  <datafield tag="044" ind1=" " ind2=" ">
    <subfield code="c">XA-DE-NW</subfield>
  </datafield>
  <datafield tag="100" ind1="1" ind2=" ">
    <subfield code="a">Hauck, Volker</subfield>
    <subfield code="0">(DE-588)1220230839</subfield>
    <subfield code="4">aut</subfield>
    <subfield code="0">https://d-nb.info/gnd/1220230839</subfield>
    <subfield code="0">http://viaf.org/viaf/238458030</subfield>
    <subfield code="B">GND-1220230839</subfield>
  </datafield>
  <datafield tag="240" ind1="1" ind2="0">
    <subfield code="a">EU instruments to counter fragility and crises</subfield>
  </datafield>
  <datafield tag="245" ind1="1" ind2="0">
    <subfield code="a">EU-Instrumente zur Bekämpfung von Instabilität und Krisen</subfield>
    <subfield code="c">Volker Hauck, Sophie Desmidt ; Friedrich Ebert Stiftung ; Herausgebende Abteilung: Abteilung für Internationale Zusammenarbeit, Referat Globale und Europäische Politik</subfield>
  </datafield>
  <datafield tag="264" ind1=" " ind2="1">
    <subfield code="a">Bonn</subfield>
    <subfield code="b">Friedrich Ebert Stiftung</subfield>
    <subfield code="c">Januar 2025</subfield>
  </datafield>
  <datafield tag="300" ind1=" " ind2=" ">
    <subfield code="a">1 Online-Ressource (8 Seiten)</subfield>
  </datafield>
  <datafield tag="336" ind1=" " ind2=" ">
    <subfield code="b">txt</subfield>
  </datafield>
  <datafield tag="337" ind1=" " ind2=" ">
    <subfield code="b">c</subfield>
  </datafield>
  <datafield tag="338" ind1=" " ind2=" ">
    <subfield code="b">cr</subfield>
  </datafield>
  <datafield tag="347" ind1=" " ind2=" ">
    <subfield code="a">Textdatei</subfield>
    <subfield code="b">PDF</subfield>
  </datafield>
  <datafield tag="490" ind1="0" ind2=" ">
    <subfield code="a">Perspektive</subfield>
  </datafield>
  <datafield tag="490" ind1="0" ind2=" ">
    <subfield code="a">Frieden und Sicherheit</subfield>
  </datafield>
  <datafield tag="035" ind1=" " ind2=" ">
    <subfield code="a">(DE-599)HBZHT031051964</subfield>
  </datafield>
  <datafield tag="960" ind1="1" ind2=" ">
    <subfield code="r">epfl-5</subfield>
  </datafield>
  <datafield tag="960" ind1="1" ind2=" ">
    <subfield code="i">iall</subfield>
  </datafield>
  <datafield tag="856" ind1="4" ind2="0">
    <subfield code="u">https://nbn-resolving.org/urn:nbn:de:hbz:5:2-1456565</subfield>
    <subfield code="x">Resolving-System</subfield>
    <subfield code="z">kostenfrei</subfield>
    <subfield code="3">Volltext</subfield>
  </datafield>
  <datafield tag="700" ind1="1" ind2=" ">
    <subfield code="a">Desmidt, Sophie</subfield>
    <subfield code="0">(DE-588)1180545508</subfield>
    <subfield code="4">aut</subfield>
    <subfield code="0">https://d-nb.info/gnd/1180545508</subfield>
    <subfield code="0">http://viaf.org/viaf/5408155286650287180006</subfield>
    <subfield code="B">GND-1180545508</subfield>
  </datafield>
  <datafield tag="710" ind1="2" ind2=" ">
    <subfield code="a">Friedrich-Ebert-Stiftung</subfield>
    <subfield code="0">(DE-588)37498-2</subfield>
    <subfield code="4">isb</subfield>
    <subfield code="0">https://d-nb.info/gnd/000374989</subfield>
    <subfield code="0">http://viaf.org/viaf/156528897</subfield>
    <subfield code="B">GND-000374989</subfield>
  </datafield>
  <datafield tag="710" ind1="2" ind2=" ">
    <subfield code="a">Friedrich-Ebert-Stiftung</subfield>
    <subfield code="b">Abteilung Internationale Entwicklungszusammenarbeit</subfield>
    <subfield code="0">(DE-588)2126554-9</subfield>
    <subfield code="4">isb</subfield>
    <subfield code="0">https://d-nb.info/gnd/00773509X</subfield>
    <subfield code="0">http://viaf.org/viaf/127358016</subfield>
    <subfield code="B">GND-00773509X</subfield>
  </datafield>
  <datafield tag="751" ind1=" " ind2=" ">
    <subfield code="a">Bonn</subfield>
    <subfield code="0">(DE-588)4007666-0</subfield>
    <subfield code="2">gnd</subfield>
    <subfield code="4">pup</subfield>
    <subfield code="0">https://d-nb.info/gnd/040076660</subfield>
    <subfield code="B">GND-040076660</subfield>
  </datafield>
  <datafield tag="583" ind1="1" ind2=" ">
    <subfield code="a">Archivierung/Langzeitarchivierung gewährleistet</subfield>
    <subfield code="c">2025</subfield>
    <subfield code="f">PENW</subfield>
    <subfield code="5">DE-5</subfield>
  </datafield>
  <datafield tag="MBD" ind1=" " ind2=" ">
    <subfield code="M">49HBZ_NETWORK</subfield>
    <subfield code="i">99375610404906441</subfield>
    <subfield code="n">HBZ Network</subfield>
  </datafield>
  <datafield tag="MNG" ind1=" " ind2=" ">
    <subfield code="c">System</subfield>
    <subfield code="f">HBZ</subfield>
    <subfield code="i">marc21</subfield>
    <subfield code="l">77</subfield>
    <subfield code="k">01</subfield>
    <subfield code="e">false</subfield>
    <subfield code="d">2025-12-02 17:44:00 Europe/Berlin</subfield>
    <subfield code="g">99375610404906441</subfield>
    <subfield code="j">60</subfield>
    <subfield code="a">Staff00090######49HBZ_ULB</subfield>
    <subfield code="b">2025-05-16 07:28:44 Europe/Berlin</subfield>
  </datafield>
  <datafield tag="POR" ind1=" " ind2=" ">
    <subfield code="j">E-Pflicht VL</subfield>
    <subfield code="x">System</subfield>
    <subfield code="a">53945529660006441</subfield>
    <subfield code="M">49HBZ_NETWORK</subfield>
    <subfield code="p">61818361460006441</subfield>
    <subfield code="q">E-Pflicht - E-Pflicht ULB Bonn (epfl-5)</subfield>
    <subfield code="c">static</subfield>
    <subfield code="B">Selektionskennzeichen:  epfl-5
NZ-P2E-prod-hbz
</subfield>
    <subfield code="A">49HBZ_ULB</subfield>
    <subfield code="A">49HBZ_UBO</subfield>
    <subfield code="y">2025-12-02 17:44:18 Europe/Berlin</subfield>
    <subfield code="w">2025-12-02 17:44:13 Europe/Berlin</subfield>
    <subfield code="D">https://eu04.alma.exlibrisgroup.com/view/uresolver/49HBZ_NETWORK/openurl?u.ignore_date_coverage=true&amp;portfolio_pid=53945529660006441&amp;Force_direct=true</subfield>
    <subfield code="v">System</subfield>
    <subfield code="z">2025-12-02 16:44:13</subfield>
    <subfield code="i">false</subfield>
    <subfield code="S">62818361450006441</subfield>
    <subfield code="d">https://hbz-network.userservices.exlibrisgroup.com/view/uresolver/49HBZ_NETWORK/openurl?u.ignore_date_coverage=true&amp;rft.mms_id=99375610404906441</subfield>
    <subfield code="b">Available</subfield>
    <subfield code="f">BOOK</subfield>
    <subfield code="e">https://nbn-resolving.org/urn:nbn:de:hbz:5:2-1456565</subfield>
    <subfield code="8">53945529660006441</subfield>
  </datafield>
  <datafield tag="GSI" ind1="7" ind2=" ">
    <subfield code="a">1220230839</subfield>
    <subfield code="0">http://d-nb.info/gnd/1220230839</subfield>
    <subfield code="2">gnd</subfield>
    <subfield code="A">GND</subfield>
    <subfield code="B">GND-1220230839</subfield>
    <subfield code="C">024</subfield>
  </datafield>
  <datafield tag="GSI" ind1="7" ind2=" ">
    <subfield code="a">4007666-0</subfield>
    <subfield code="0">http://d-nb.info/gnd/4007666-0</subfield>
    <subfield code="2">gnd</subfield>
    <subfield code="A">GND</subfield>
    <subfield code="B">GND-040076660</subfield>
    <subfield code="C">024</subfield>
  </datafield>
  <datafield tag="GSI" ind1="7" ind2=" ">
    <subfield code="a">2946447</subfield>
    <subfield code="2">geonames</subfield>
    <subfield code="A">GND</subfield>
    <subfield code="B">GND-040076660</subfield>
    <subfield code="C">024</subfield>
  </datafield>
  <datafield tag="GGN" ind1=" " ind2=" ">
    <subfield code="a">Stadtkreis Bonn</subfield>
    <subfield code="A">GND</subfield>
    <subfield code="B">GND-040076660</subfield>
    <subfield code="C">451</subfield>
  </datafield>
  <datafield tag="GGN" ind1=" " ind2=" ">
    <subfield code="a">Castra Bonnensia</subfield>
    <subfield code="9">v:röm.</subfield>
    <subfield code="A">GND</subfield>
    <subfield code="B">GND-040076660</subfield>
    <subfield code="C">451</subfield>
  </datafield>
  <datafield tag="GGN" ind1=" " ind2=" ">
    <subfield code="a">Bonna</subfield>
    <subfield code="9">v:röm.</subfield>
    <subfield code="A">GND</subfield>
    <subfield code="B">GND-040076660</subfield>
    <subfield code="C">451</subfield>
  </datafield>
  <datafield tag="GGN" ind1=" " ind2=" ">
    <subfield code="a">Bundesstadt Bonn</subfield>
    <subfield code="A">GND</subfield>
    <subfield code="B">GND-040076660</subfield>
    <subfield code="C">451</subfield>
  </datafield>
  <datafield tag="GGN" ind1=" " ind2=" ">
    <subfield code="a">Stadt Bonn</subfield>
    <subfield code="A">GND</subfield>
    <subfield code="B">GND-040076660</subfield>
    <subfield code="C">451</subfield>
  </datafield>
  <datafield tag="GGN" ind1=" " ind2=" ">
    <subfield code="a">Bundeshauptstadt Bonn</subfield>
    <subfield code="A">GND</subfield>
    <subfield code="B">GND-040076660</subfield>
    <subfield code="C">451</subfield>
  </datafield>
  <datafield tag="GKT" ind1="2" ind2=" ">
    <subfield code="a">Friedrich-Ebert-Stiftung</subfield>
    <subfield code="b">Abteilung Internationale Entwicklungszusammenarbeit</subfield>
    <subfield code="A">GND</subfield>
    <subfield code="B">GND-00773509X</subfield>
    <subfield code="C">410</subfield>
  </datafield>
  <datafield tag="GKT" ind1="2" ind2=" ">
    <subfield code="a">Friedrich-Ebert-Stiftung</subfield>
    <subfield code="b">Division for International Cooperation</subfield>
    <subfield code="A">GND</subfield>
    <subfield code="B">GND-00773509X</subfield>
    <subfield code="C">410</subfield>
  </datafield>
  <datafield tag="GKT" ind1="2" ind2=" ">
    <subfield code="a">Friedrich-Ebert-Stiftung</subfield>
    <subfield code="b">Division for International Development Cooperation</subfield>
    <subfield code="A">GND</subfield>
    <subfield code="B">GND-00773509X</subfield>
    <subfield code="C">410</subfield>
  </datafield>
  <datafield tag="GKT" ind1="2" ind2=" ">
    <subfield code="a">Friedrich-Ebert-Stiftung</subfield>
    <subfield code="b">Division for International Development Cooperation</subfield>
    <subfield code="A">GND</subfield>
    <subfield code="B">GND-00773509X</subfield>
    <subfield code="C">410</subfield>
  </datafield>
  <datafield tag="GKT" ind1="2" ind2=" ">
    <subfield code="a">Friedrich-Ebert-Stiftung</subfield>
    <subfield code="b">Département de la coopération internationale</subfield>
    <subfield code="A">GND</subfield>
    <subfield code="B">GND-00773509X</subfield>
    <subfield code="C">410</subfield>
  </datafield>
  <datafield tag="GKT" ind1="2" ind2=" ">
    <subfield code="a">Friedrich-Ebert-Stiftung</subfield>
    <subfield code="b">División de Cooperación Internacional al Desarrollo</subfield>
    <subfield code="A">GND</subfield>
    <subfield code="B">GND-00773509X</subfield>
    <subfield code="C">410</subfield>
  </datafield>
  <datafield tag="GKT" ind1="2" ind2=" ">
    <subfield code="a">Friedrich-Ebert-Stiftung</subfield>
    <subfield code="b">International Development Co-operation</subfield>
    <subfield code="A">GND</subfield>
    <subfield code="B">GND-00773509X</subfield>
    <subfield code="C">410</subfield>
  </datafield>
  <datafield tag="GKT" ind1="2" ind2=" ">
    <subfield code="a">Friedrich-Ebert-Stiftung</subfield>
    <subfield code="b">Dép. coopération internationale au développement</subfield>
    <subfield code="A">GND</subfield>
    <subfield code="B">GND-00773509X</subfield>
    <subfield code="C">410</subfield>
  </datafield>
  <datafield tag="GKT" ind1="2" ind2=" ">
    <subfield code="a">Friedrich-Ebert-Stiftung</subfield>
    <subfield code="b">Departamento Internacional de Cooperación al Desarrollo</subfield>
    <subfield code="A">GND</subfield>
    <subfield code="B">GND-00773509X</subfield>
    <subfield code="C">410</subfield>
  </datafield>
  <datafield tag="GKT" ind1="2" ind2=" ">
    <subfield code="a">Friedrich-Ebert-Stiftung</subfield>
    <subfield code="b">Internationale Entwicklungszusammenarbeit</subfield>
    <subfield code="A">GND</subfield>
    <subfield code="B">GND-00773509X</subfield>
    <subfield code="C">410</subfield>
  </datafield>
  <datafield tag="GKT" ind1="2" ind2=" ">
    <subfield code="a">Friedrich-Ebert-Stiftung</subfield>
    <subfield code="b">Internationale Abteilung</subfield>
    <subfield code="A">GND</subfield>
    <subfield code="B">GND-00773509X</subfield>
    <subfield code="C">410</subfield>
  </datafield>
  <datafield tag="GKT" ind1="2" ind2=" ">
    <subfield code="a">Friedrich-Ebert-Stiftung</subfield>
    <subfield code="b">Division for International Cooperation and International Dialogue</subfield>
    <subfield code="A">GND</subfield>
    <subfield code="B">GND-00773509X</subfield>
    <subfield code="C">410</subfield>
  </datafield>
  <datafield tag="GKT" ind1="2" ind2=" ">
    <subfield code="a">Friedrich-Ebert-Stiftung</subfield>
    <subfield code="b">Division de la coopération internationale au développement</subfield>
    <subfield code="A">GND</subfield>
    <subfield code="B">GND-00773509X</subfield>
    <subfield code="C">410</subfield>
  </datafield>
  <datafield tag="GKT" ind1="2" ind2=" ">
    <subfield code="a">Friedrich-Ebert-Stiftung</subfield>
    <subfield code="b">Cooperação para o Desenvolvimento Internacional</subfield>
    <subfield code="A">GND</subfield>
    <subfield code="B">GND-00773509X</subfield>
    <subfield code="C">410</subfield>
  </datafield>
  <datafield tag="GKT" ind1="2" ind2=" ">
    <subfield code="a">IEZ</subfield>
    <subfield code="4">abku</subfield>
    <subfield code="i">Abkuerzung</subfield>
    <subfield code="A">GND</subfield>
    <subfield code="B">GND-00773509X</subfield>
    <subfield code="C">410</subfield>
  </datafield>
  <datafield tag="GKT" ind1="2" ind2=" ">
    <subfield code="a">Abteilung Internationale Entwicklungszusammenarbeit</subfield>
    <subfield code="g">Friedrich-Ebert-Stiftung</subfield>
    <subfield code="A">GND</subfield>
    <subfield code="B">GND-00773509X</subfield>
    <subfield code="C">410</subfield>
  </datafield>
  <datafield tag="GKT" ind1="2" ind2=" ">
    <subfield code="a">Division for International Cooperation</subfield>
    <subfield code="g">Friedrich-Ebert-Stiftung</subfield>
    <subfield code="A">GND</subfield>
    <subfield code="B">GND-00773509X</subfield>
    <subfield code="C">410</subfield>
  </datafield>
  <datafield tag="GKT" ind1="2" ind2=" ">
    <subfield code="a">Division for International Development Cooperation</subfield>
    <subfield code="g">Friedrich-Ebert-Stiftung</subfield>
    <subfield code="A">GND</subfield>
    <subfield code="B">GND-00773509X</subfield>
    <subfield code="C">410</subfield>
  </datafield>
  <datafield tag="GKT" ind1="2" ind2=" ">
    <subfield code="a">División de Cooperación Internacional al Desarrollo</subfield>
    <subfield code="g">Friedrich-Ebert-Stiftung</subfield>
    <subfield code="A">GND</subfield>
    <subfield code="B">GND-00773509X</subfield>
    <subfield code="C">410</subfield>
  </datafield>
  <datafield tag="GKT" ind1="2" ind2=" ">
    <subfield code="a">Département de la coopération internationale</subfield>
    <subfield code="g">Friedrich-Ebert-Stiftung</subfield>
    <subfield code="A">GND</subfield>
    <subfield code="B">GND-00773509X</subfield>
    <subfield code="C">410</subfield>
  </datafield>
  <datafield tag="GSI" ind1="7" ind2=" ">
    <subfield code="a">2126554-9</subfield>
    <subfield code="0">http://d-nb.info/gnd/2126554-9</subfield>
    <subfield code="2">gnd</subfield>
    <subfield code="A">GND</subfield>
    <subfield code="B">GND-00773509X</subfield>
    <subfield code="C">024</subfield>
  </datafield>
  <datafield tag="GKT" ind1="2" ind2=" ">
    <subfield code="a">Ebert-Stiftung</subfield>
    <subfield code="A">GND</subfield>
    <subfield code="B">GND-000374989</subfield>
    <subfield code="C">410</subfield>
  </datafield>
  <datafield tag="GKT" ind1="2" ind2=" ">
    <subfield code="a">Friedrich Ebert Foundation</subfield>
    <subfield code="A">GND</subfield>
    <subfield code="B">GND-000374989</subfield>
    <subfield code="C">410</subfield>
  </datafield>
  <datafield tag="GKT" ind1="2" ind2=" ">
    <subfield code="a">Fondation Friedrich Ebert</subfield>
    <subfield code="A">GND</subfield>
    <subfield code="B">GND-000374989</subfield>
    <subfield code="C">410</subfield>
  </datafield>
  <datafield tag="GKT" ind1="2" ind2=" ">
    <subfield code="a">Ebert Foundation</subfield>
    <subfield code="A">GND</subfield>
    <subfield code="B">GND-000374989</subfield>
    <subfield code="C">410</subfield>
  </datafield>
  <datafield tag="GKT" ind1="2" ind2=" ">
    <subfield code="a">Fundación Friedrich Ebert</subfield>
    <subfield code="A">GND</subfield>
    <subfield code="B">GND-000374989</subfield>
    <subfield code="C">410</subfield>
  </datafield>
  <datafield tag="GKT" ind1="2" ind2=" ">
    <subfield code="a">Fundación Friederich Ebert</subfield>
    <subfield code="A">GND</subfield>
    <subfield code="B">GND-000374989</subfield>
    <subfield code="C">410</subfield>
  </datafield>
  <datafield tag="GKT" ind1="2" ind2=" ">
    <subfield code="a">Fondazione Friedrich Ebert</subfield>
    <subfield code="A">GND</subfield>
    <subfield code="B">GND-000374989</subfield>
    <subfield code="C">410</subfield>
  </datafield>
  <datafield tag="GKT" ind1="2" ind2=" ">
    <subfield code="a">Fundația Friedrich-Ebert</subfield>
    <subfield code="A">GND</subfield>
    <subfield code="B">GND-000374989</subfield>
    <subfield code="C">410</subfield>
  </datafield>
  <datafield tag="GKT" ind1="2" ind2=" ">
    <subfield code="a">FES</subfield>
    <subfield code="4">abku</subfield>
    <subfield code="i">Abkuerzung</subfield>
    <subfield code="A">GND</subfield>
    <subfield code="B">GND-000374989</subfield>
    <subfield code="C">410</subfield>
  </datafield>
  <datafield tag="GKT" ind1="2" ind2=" ">
    <subfield code="a">F.E.S.</subfield>
    <subfield code="4">abku</subfield>
    <subfield code="i">Abkuerzung</subfield>
    <subfield code="A">GND</subfield>
    <subfield code="B">GND-000374989</subfield>
    <subfield code="C">410</subfield>
  </datafield>
  <datafield tag="GKT" ind1="2" ind2=" ">
    <subfield code="a">FFE</subfield>
    <subfield code="4">abku</subfield>
    <subfield code="i">Abkuerzung</subfield>
    <subfield code="A">GND</subfield>
    <subfield code="B">GND-000374989</subfield>
    <subfield code="C">410</subfield>
  </datafield>
  <datafield tag="GKT" ind1="2" ind2=" ">
    <subfield code="a">Aibote-Jijinhui</subfield>
    <subfield code="A">GND</subfield>
    <subfield code="B">GND-000374989</subfield>
    <subfield code="C">410</subfield>
  </datafield>
  <datafield tag="GKT" ind1="2" ind2=" ">
    <subfield code="a">Nadace Friedricha Eberta</subfield>
    <subfield code="A">GND</subfield>
    <subfield code="B">GND-000374989</subfield>
    <subfield code="C">410</subfield>
  </datafield>
  <datafield tag="GKT" ind1="2" ind2=" ">
    <subfield code="a">Friedrich Ebert Alapítvány</subfield>
    <subfield code="A">GND</subfield>
    <subfield code="B">GND-000374989</subfield>
    <subfield code="C">410</subfield>
  </datafield>
  <datafield tag="GKT" ind1="2" ind2=" ">
    <subfield code="a">Ebert Alapítvány</subfield>
    <subfield code="A">GND</subfield>
    <subfield code="B">GND-000374989</subfield>
    <subfield code="C">410</subfield>
  </datafield>
  <datafield tag="GKT" ind1="2" ind2=" ">
    <subfield code="a">Nadácia Friedricha Eberta</subfield>
    <subfield code="A">GND</subfield>
    <subfield code="B">GND-000374989</subfield>
    <subfield code="C">410</subfield>
  </datafield>
  <datafield tag="GKT" ind1="2" ind2=" ">
    <subfield code="a">Fundacja Im. Friedricha Eberta</subfield>
    <subfield code="A">GND</subfield>
    <subfield code="B">GND-000374989</subfield>
    <subfield code="C">410</subfield>
  </datafield>
  <datafield tag="GKT" ind1="2" ind2=" ">
    <subfield code="a">Friedrich Ebert Vakfı</subfield>
    <subfield code="A">GND</subfield>
    <subfield code="B">GND-000374989</subfield>
    <subfield code="C">410</subfield>
  </datafield>
  <datafield tag="GKT" ind1="2" ind2=" ">
    <subfield code="a">Fondation Friedrich-Ebert</subfield>
    <subfield code="A">GND</subfield>
    <subfield code="B">GND-000374989</subfield>
    <subfield code="C">410</subfield>
  </datafield>
  <datafield tag="GKT" ind1="2" ind2=" ">
    <subfield code="a">Fond im. Friedricha Eberta</subfield>
    <subfield code="A">GND</subfield>
    <subfield code="B">GND-000374989</subfield>
    <subfield code="C">410</subfield>
  </datafield>
  <datafield tag="GKT" ind1="2" ind2=" ">
    <subfield code="a">Fond imeni Fridricha Ėberta</subfield>
    <subfield code="A">GND</subfield>
    <subfield code="B">GND-000374989</subfield>
    <subfield code="C">410</subfield>
  </datafield>
  <datafield tag="GKT" ind1="2" ind2=" ">
    <subfield code="a">Fond Fridricha Ėberta</subfield>
    <subfield code="A">GND</subfield>
    <subfield code="B">GND-000374989</subfield>
    <subfield code="C">410</subfield>
  </datafield>
  <datafield tag="GKT" ind1="2" ind2=" ">
    <subfield code="a">Mu'assasat Frīdrīš Ībart</subfield>
    <subfield code="g">1961-</subfield>
    <subfield code="A">GND</subfield>
    <subfield code="B">GND-000374989</subfield>
    <subfield code="C">410</subfield>
  </datafield>
  <datafield tag="GKT" ind1="2" ind2=" ">
    <subfield code="a">Mu'assasat Frīdrīš Ībirt</subfield>
    <subfield code="g">1961-</subfield>
    <subfield code="A">GND</subfield>
    <subfield code="B">GND-000374989</subfield>
    <subfield code="C">410</subfield>
  </datafield>
  <datafield tag="GKT" ind1="2" ind2=" ">
    <subfield code="a">Fundação Friedrich Ebert</subfield>
    <subfield code="A">GND</subfield>
    <subfield code="B">GND-000374989</subfield>
    <subfield code="C">410</subfield>
  </datafield>
  <datafield tag="GKT" ind1="2" ind2=" ">
    <subfield code="a">Fundacja Friedricha Eberta</subfield>
    <subfield code="A">GND</subfield>
    <subfield code="B">GND-000374989</subfield>
    <subfield code="C">410</subfield>
  </datafield>
  <datafield tag="GKT" ind1="2" ind2=" ">
    <subfield code="a">Frederich Ebert Foundation</subfield>
    <subfield code="A">GND</subfield>
    <subfield code="B">GND-000374989</subfield>
    <subfield code="C">410</subfield>
  </datafield>
  <datafield tag="GKT" ind1="2" ind2=" ">
    <subfield code="a">Fond im. Fridricha Ėberta</subfield>
    <subfield code="A">GND</subfield>
    <subfield code="B">GND-000374989</subfield>
    <subfield code="C">410</subfield>
  </datafield>
  <datafield tag="GKT" ind1="2" ind2=" ">
    <subfield code="a">Fundaţia Friedrich Ebert</subfield>
    <subfield code="A">GND</subfield>
    <subfield code="B">GND-000374989</subfield>
    <subfield code="C">410</subfield>
  </datafield>
  <datafield tag="GKT" ind1="2" ind2=" ">
    <subfield code="a">Zaklada Friedrich Ebert</subfield>
    <subfield code="A">GND</subfield>
    <subfield code="B">GND-000374989</subfield>
    <subfield code="C">410</subfield>
  </datafield>
  <datafield tag="GKT" ind1="2" ind2=" ">
    <subfield code="a">Friedrich-Ebert-Stiftung zur Förderung Demokratischer Volkserziehung</subfield>
    <subfield code="g">1961-</subfield>
    <subfield code="A">GND</subfield>
    <subfield code="B">GND-000374989</subfield>
    <subfield code="C">410</subfield>
  </datafield>
  <datafield tag="GKT" ind1="2" ind2=" ">
    <subfield code="a">Fondacija Fridrich Ebert</subfield>
    <subfield code="A">GND</subfield>
    <subfield code="B">GND-000374989</subfield>
    <subfield code="C">410</subfield>
  </datafield>
  <datafield tag="GKT" ind1="2" ind2=" ">
    <subfield code="a">Friedrich Ebert Foundation of Germany</subfield>
    <subfield code="A">GND</subfield>
    <subfield code="B">GND-000374989</subfield>
    <subfield code="C">410</subfield>
  </datafield>
  <datafield tag="GKT" ind1="2" ind2=" ">
    <subfield code="a">Fondacija "Fridrich Ebert"</subfield>
    <subfield code="A">GND</subfield>
    <subfield code="B">GND-000374989</subfield>
    <subfield code="C">410</subfield>
  </datafield>
  <datafield tag="GKT" ind1="2" ind2=" ">
    <subfield code="a">Keren Fridrikh Ebert</subfield>
    <subfield code="A">GND</subfield>
    <subfield code="B">GND-000374989</subfield>
    <subfield code="C">410</subfield>
  </datafield>
  <datafield tag="GKT" ind1="2" ind2=" ">
    <subfield code="a">Folidelixi-Aibote-Tejiijinhui</subfield>
    <subfield code="A">GND</subfield>
    <subfield code="B">GND-000374989</subfield>
    <subfield code="C">410</subfield>
  </datafield>
  <datafield tag="GKT" ind1="2" ind2=" ">
    <subfield code="a">Fondazione Ebert di Bonn</subfield>
    <subfield code="A">GND</subfield>
    <subfield code="B">GND-000374989</subfield>
    <subfield code="C">410</subfield>
  </datafield>
  <datafield tag="GKT" ind1="2" ind2=" ">
    <subfield code="a">Fond F. Ėberta</subfield>
    <subfield code="A">GND</subfield>
    <subfield code="B">GND-000374989</subfield>
    <subfield code="C">410</subfield>
  </datafield>
  <datafield tag="GKT" ind1="2" ind2=" ">
    <subfield code="a">Fondazione Ebert</subfield>
    <subfield code="A">GND</subfield>
    <subfield code="B">GND-000374989</subfield>
    <subfield code="C">410</subfield>
  </datafield>
  <datafield tag="GKT" ind1="2" ind2=" ">
    <subfield code="a">Fundación Ebert de Alemania</subfield>
    <subfield code="A">GND</subfield>
    <subfield code="B">GND-000374989</subfield>
    <subfield code="C">410</subfield>
  </datafield>
  <datafield tag="GKT" ind1="2" ind2=" ">
    <subfield code="a">Friedrich-Ebert-Stiftung e.V.</subfield>
    <subfield code="4">nauv</subfield>
    <subfield code="i">Unveraenderte Form</subfield>
    <subfield code="A">GND</subfield>
    <subfield code="B">GND-000374989</subfield>
    <subfield code="C">410</subfield>
  </datafield>
  <datafield tag="GKT" ind1="2" ind2=" ">
    <subfield code="a">Fāredĕrik Ebart Fāwĕndeśan</subfield>
    <subfield code="A">GND</subfield>
    <subfield code="B">GND-000374989</subfield>
    <subfield code="C">410</subfield>
  </datafield>
  <datafield tag="GKT" ind1="2" ind2=" ">
    <subfield code="9">U:Ethi</subfield>
    <subfield code="9">L:amh</subfield>
    <subfield code="a">ክፋሬድሪክ ኤበርት ፋውንዴሸን</subfield>
    <subfield code="A">GND</subfield>
    <subfield code="B">GND-000374989</subfield>
    <subfield code="C">410</subfield>
  </datafield>
  <datafield tag="GSI" ind1="7" ind2=" ">
    <subfield code="a">37498-2</subfield>
    <subfield code="0">http://d-nb.info/gnd/37498-2</subfield>
    <subfield code="2">gnd</subfield>
    <subfield code="A">GND</subfield>
    <subfield code="B">GND-000374989</subfield>
    <subfield code="C">024</subfield>
  </datafield>
  <datafield tag="GSI" ind1="7" ind2=" ">
    <subfield code="a">1180545508</subfield>
    <subfield code="0">http://d-nb.info/gnd/1180545508</subfield>
    <subfield code="2">gnd</subfield>
    <subfield code="A">GND</subfield>
    <subfield code="B">GND-1180545508</subfield>
    <subfield code="C">024</subfield>
  </datafield>
</record>
